@book{ref1,
  title     = {Kotlin в действии},
  author    = {Жемеров, Д. and Исакова, С.},
  year      = {2018},
  publisher = {ДМК Пресс},
  address   = {Москва},
  pages     = {402},
  language  = {russian}
}

@book{ref2,
  title     = {Программирование под Android},
  author    = {Колесниченко, И.},
  year      = {2019},
  publisher = {Питер},
  address   = {Санкт-Петербург},
  pages     = {912},
  language  = {russian}
}

@book{ref3,
  title     = {Чистая архитектура},
  author    = {Мартин, Р.},
  year      = {2018},
  publisher = {Питер},
  address   = {Санкт-Петербург},
  pages     = {352},
  language  = {russian}
}

@book{ref4,
  title     = {Инженерия программного обеспечения},
  author    = {Соммервилл, И.},
  year      = {2016},
  publisher = {Вильямс},
  address   = {Москва},
  pages     = {816},
  language  = {russian}
}

@book{ref5,
  title     = {Рефакторинг. Улучшение проекта существующего кода},
  author    = {Фаулер, М.},
  year      = {2020},
  publisher = {Питер},
  address   = {Санкт-Петербург},
  pages     = {448},
  language  = {russian}
}

@misc{ref6,
  title        = {Официальная документация Google по Android},
  howpublished = {\url{https://developer.android.com}},
  language     = {russian}
}

@misc{ref7,
  title        = {Введение в работу с Git: система контроля версий для начинающих},
  howpublished = {\url{https://habr.com/ru/post/541258/}},
  language     = {russian}
}

@book{ref7b,
  title     = {Приемы объектно-ориентированного проектирования. Паттерны проектирования},
  author    = {Гамма, Э. and Хелм, Р. and Джонсон, Р. and Влиссидес, Дж.},
  year      = {2021},
  publisher = {Питер},
  address   = {Санкт-Петербург},
  pages     = {496},
  language  = {russian}
}

@book{ref8,
  title     = {Мифический человеко-месяц, или Как создаются программные системы},
  author    = {Брукс, Ф.},
  year      = {2020},
  publisher = {Символ-Плюс},
  address   = {Москва},
  pages     = {304},
  language  = {russian}
}

@book{ref9,
  title     = {Совершенный код},
  author    = {Макконнелл, С.},
  year      = {2019},
  publisher = {Русская редакция},
  address   = {Москва},
  pages     = {896},
  language  = {russian}
}

@misc{ref10,
  title        = {Официальная документация Kotlin},
  howpublished = {\url{https://kotlinlang.org/docs/home.html}},
  language     = {russian}
}